<?xml version="1.0" encoding="UTF-8"?><collection xmlns="http://www.loc.gov/MARC21/slim"><record><leader>00632nam--2200205-u-4500</leader><controlfield tag="001">000054148</controlfield><controlfield tag="002">20161230</controlfield><controlfield tag="005">20161230201051</controlfield><controlfield tag="008">110902s1000------------r-----000-0-eng-d</controlfield><datafield ind1=" " ind2=" " tag="040"><subfield code="a">IFIN-HH</subfield></datafield><datafield ind1=" " ind2=" " tag="080"><subfield code="a">537.533.35</subfield></datafield><datafield ind1="1" ind2=" " tag="100"><subfield code="a">Houwink, A. L</subfield></datafield><datafield ind1="1" ind2="0" tag="245"><subfield code="a">The proceedings of the regional conference on electron microscopy delft 1960</subfield><subfield code="c">A.l. houwink, b.j. spit (eds.)</subfield></datafield><datafield ind1=" " ind2=" " tag="260"><subfield code="a">Delft</subfield><subfield code="b">De Nederlandse Vereniging Voor Electronenmicroscopie</subfield><subfield code="c">1960</subfield></datafield><datafield ind1=" " ind2=" " tag="300"><subfield code="a">2 VOLUME</subfield></datafield><datafield ind1=" " ind2=" " tag="490"><subfield code="a">Proceedings</subfield></datafield><datafield ind1="1" ind2=" " tag="700"><subfield code="a">Spit, B.J</subfield><subfield code="e">Ed</subfield></datafield><datafield ind1=" " ind2=" " tag="787"><subfield code="a">Volume Ii</subfield><subfield code="h">/606p./1075p</subfield></datafield><datafield ind1=" " ind2=" " tag="852"><subfield code="a">17261</subfield><subfield code="c">537.533.35</subfield></datafield><datafield ind1=" " ind2=" " tag="CAT"><subfield code="a">Sys</subfield><subfield code="c">20110902</subfield><subfield code="h">110845</subfield></datafield></record></collection>